@article{qualitativeinformation, 
    author = "{Marco Costantino, Russell J. Collingham, Richard G. Morgan}",
    title= "{Qualitative Information in Finance: Natural Language Processing and Information Extraction}",
    journal="{Aiin Finance}",
    year= "{1996}"
},

@article{hurricanes:newspaper,
    author = "{Yoonhyeung Choi and Ying-Hsuan Lin}",
    title = "{A content analysis of the newspaper coverage of the three major hurricanes in 2005}",
    journal="{Public Relations Review}",
    volume= "{34}",
    number= "{3}",
    pages = "{294-296}",
    year = "{2008}",
},

@article{media:coverage, 
    author = "{Maxwell T. Boykoff and J. Timmons Roberts}",
    title= "{Media coverage of climate change: current trends, strengths, weaknesses}",
    journal="{Human Development Report}",
    number= "{3}",
    year= "{2008}"
},

@article{textmining, 
    author = "{Ah-Hwee Tan}",
    title= "{Text Mining: The state of the art and the challenges}",
    journal="{Proceedings of the PAKDD 1999 Workshop on Knowledge Disocovery from Advanced Databases.}",
    year= "{1999}"
},

@misc{volkskrant,
    author = "{\relax{De Volkskrant}}",
    title = "{Official De Volkskrant website}",
    howpublished = "\url{http://www.volkskrant.nl/}",
    note= {Last accessed: 2016-12-21}
},

@article{vossen_newsreader:_2016,
	title = {{NewsReader}: Using knowledge resources in a cross-lingual reading machine to generate more knowledge from massive streams of news},
	volume = {110},
	issn = {09507051},
	url = {http://linkinghub.elsevier.com/retrieve/pii/S0950705116302271},
	doi = {10.1016/j.knosys.2016.07.013},
	shorttitle = {{NewsReader}},
	pages = {60--85},
	journaltitle = {Knowledge-Based Systems},
	author = {Vossen, Piek and Agerri, Rodrigo and Aldabe, Itziar and Cybulska, Agata and van Erp, Marieke and Fokkens, Antske and Laparra, Egoitz and Minard, Anne-Lyse and Palmero Aprosio, Alessio and Rigau, German and Rospocher, Marco and Segers, Roxane},
	urldate = {2016-12-21},
	date = {2016-10},
	langid = {english}
},

@article{boiy_machine_2009,
	title = {A machine learning approach to sentiment analysis in multilingual Web texts},
	volume = {12},
	issn = {1386-4564, 1573-7659},
	url = {http://link.springer.com/10.1007/s10791-008-9070-z},
	doi = {10.1007/s10791-008-9070-z},
	pages = {526--558},
	number = {5},
	journaltitle = {Information Retrieval},
	author = {Boiy, Erik and Moens, Marie-Francine},
	urldate = {2016-12-21},
	date = {2009-10},
	langid = {english}
},

@inproceedings{vossen_cross-lingual_2012,
	title = {Cross-lingual event-mining using wordnet as a shared knowledge interface},
	url = {http://www.academia.edu/download/30939666/gwc2012.pdf#page=387},
	pages = {382},
	booktitle = {{GWC} 2012 6th International Global Wordnet Conference},
	author = {Vossen, Piek and Soroa, Aitor and Zapirain, Benat and Rigau, German},
	urldate = {2016-12-21},
	date = {2012}
},

@misc{sub:words,
    author = "\relax{CLIPS}",
    title = "Data set from Pattern",
    howpublished = "\url{https://github.com/clips/pattern/blob/master/pattern/text/nl/nl-sentiment.xml}",
    note= {Last accessed: 2017-1-16}
},

@misc{volkskrant_wiki,
    title = "de Volkskrant",
    howpublished = "\url{https://en.wikipedia.org/wiki/De_Volkskrant}",
    note= {Last accessed: 2017-1-25}
},

@article{research:blogpost, 
    author = "{Kim, Young-Min, Lee, Hyun-Jong, Oh, Alice}",
    title= "{User Evaluation of a System for Classifying and Displaying Political Viewpoints of Weblogs}",
    journal="{ICWSM}",
    year= "{2009}"
},

@article{bias:newspaper, 
    author = "{Souneil Park, Seungwoo Kang, Sangyoung Chung, Junehwa Song}",
    title= "{NewsCube: Delivering Multiple Aspects of News to Mitigate Media Bias}",
    journal="{ Proceedings of the SIGCHI Conference on Human Factors in Computing Systems}",
    year= "{2009}"
},

@article{book:mediabias, 
    author = "{Tim Graham, Steve Kaminsky}",
    title= "{How to identify, expose \& correct liberal media bias}",
    publisher = "Media Research Center",
    year= "{1994}"
},

@article{sentiment:machinelearning, 
    author = "{Pang, Bo, Lillian Lee, and Shivakumar Vaithyanathan}",
    title= "{Thumbs up?: sentiment classification using machine learning techniques}",
    journal="{Proceedings of the ACL-02 conference on Empirical methods in natural language processing}",
    volume = {10},
    pages = {79--86},
    journaltitle = {Association for Computational Linguistics},
    year= "{2002}"
},

@article{sentiment:sentences, 
    author = "{Pang, Bo, and Lillian Lee}",
    title= "{A sentimental education: Sentiment analysis using subjectivity summarization based on minimum cuts}",
    journal="{Proceedings of the 42nd annual meeting on Association for Computational Linguistics}",
    pages = {271},
    journaltitle = {Association for Computational Linguistics},
    year= "{2004}"
},

@mastersthesis{Xthesis:volkskrant,
    author    = "Eveline Domevscek",
    title     = "Politieke kleur bekennen",
    school    = "Erasmus Universiteit Rotterdam",
    year      = "2006"
},

@misc{ad_voters,
    author = "{\relax{AD}}",
    title = "{Algemeen Dagblad}",
    howpublished = "\url{http://www.ad.nl/}",
    note= {Last accessed: 2016-12-25}
},

@misc{tool:pattern.nl,
	title = {pattern.nl {\textbar} {CLiPS}},
	url = {http://www.clips.ua.ac.be/pages/pattern-nl},
	urldate = {2017-01-25},
	month = may,
	year = {2011}
},

@misc{web:parliamentary-parties,
	type = {Text},
	title = {Parliamentary {Parties}},
	url = {https://www.houseofrepresentatives.nl/members_of_parliament/parliamentary_parties},
	urldate = {2017-01-25}
},
@article{validate:tool, 
    author = "{Tom de Smedt and Walter Daelemans}",
    title= "{Vreselijk mooi!"(terribly beautiful): A Subjectivity Lexicon for Dutch Adjectives.}",
    journal="{LREC}",
    pages = {3568-3572},
    year= "{2012}"
}